<record><leader>00000cas a2200000 a 4500</leader><controlfield tag="001">825050145</controlfield><controlfield tag="008">130124u1885uuuunyuwr n       0    0eng c</controlfield><datafield ind1=" " ind2=" " tag="010"><subfield code="a">  2013219178</subfield><subfield code="z">  2012245001</subfield></datafield><datafield ind1=" " ind2=" " tag="040"><subfield code="a">NYG</subfield><subfield code="b">eng</subfield><subfield code="c">NYG</subfield><subfield code="d">OCLCO</subfield><subfield code="d">DLC</subfield><subfield code="d">OCLCF</subfield></datafield><datafield ind1=" " ind2=" " tag="042"><subfield code="a">pcc</subfield></datafield><datafield ind1=" " ind2=" " tag="043"><subfield code="a">n-us-ny</subfield></datafield><datafield ind1="0" ind2=" " tag="130"><subfield code="a">Saturday standard (Tonawanda, N.Y.)</subfield></datafield><datafield ind1="0" ind2="0" tag="245"><subfield code="a">Saturday standard.</subfield></datafield><datafield ind1=" " ind2=" " tag="260"><subfield code="a">Tonawanda, N.Y. :</subfield><subfield code="b">Standard Publishing Company,</subfield><subfield code="c">1885-</subfield></datafield><datafield ind1=" " ind2=" " tag="300"><subfield code="a">v. :</subfield><subfield code="b">ill.;</subfield></datafield><datafield ind1=" " ind2=" " tag="310"><subfield code="a">Weekly</subfield></datafield><datafield ind1="1" ind2=" " tag="362"><subfield code="a">Began with Vol. 1, no. 1 (Oct. 10, 1885).</subfield></datafield><datafield ind1=" " ind2=" " tag="588"><subfield code="a">Description based on: Vol. 1, no. 1 (Oct. 10, 1885); title from caption.</subfield></datafield><datafield ind1=" " ind2=" " tag="588"><subfield code="a">Latest issue consulted: Vol. 1, no. 31 (May 8, 1886).</subfield></datafield><datafield ind1=" " ind2="0" tag="651"><subfield code="a">Tonawanda (N.Y.)</subfield><subfield code="v">Newspapers.</subfield></datafield><datafield ind1=" " ind2="7" tag="655"><subfield code="a">Newspapers.</subfield><subfield code="2">fast</subfield><subfield code="0">(OCoLC)fst01423814</subfield></datafield><datafield ind1=" " ind2="7" tag="651"><subfield code="a">New York (State)</subfield><subfield code="z">Tonawanda.</subfield><subfield code="2">fast</subfield><subfield code="0">(OCoLC)fst01208072</subfield></datafield><datafield ind1=" " ind2=" " tag="752"><subfield code="a">United States</subfield><subfield code="b">New York</subfield><subfield code="c">Erie</subfield><subfield code="d">Tonawanda.</subfield></datafield><datafield ind1="0" ind2="0" tag="780"><subfield code="t">Tonawanda daily news (Tonawanda, N.Y. : 1885)</subfield><subfield code="w">(DLC)sn 88075682</subfield><subfield code="w">(OCoLC)17820965</subfield></datafield></record>